@BOOK{FalconerMackayBook,
title={Introduction to Quantitative Genetics (4th Edition)},
author={Douglas S. Falconer and Trudy F.C. Mackay},
publisher={Benjamin Cummings},
year={1996},
month={2},
edition={4},
isbn={9780582243026},
url={http://amazon.com/o/ASIN/0582243025/},
price={$147.47},
totalpages={480},
timestamp={2013.09.25},
}

@BOOK{GillespieBook,
title={Population Genetics: A Concise Guide},
author={John H. Gillespie},
publisher={Johns Hopkins University Press},
year={2004},
month={7},
edition={2nd},
isbn={9780801880094},
url={http://amazon.com/o/ASIN/0801880092/},
price={$35.00},
totalpages={232},
timestamp={2013.09.25},
}

@BOOK{LynchWalshBook,
title={Genetics and Analysis of Quantitative Traits},
author={Michael Lynch and Bruce Walsh},
publisher={Sinauer Associates},
year={1998},
month={1},
edition={1},
isbn={9780878934812},
url={http://amazon.com/o/ASIN/0878934812/},
price={$109.95},
totalpages={980},
timestamp={2013.09.25},
}


@Article{WakeleyTakahashi2003,
   Author="Wakeley, J.  and Takahashi, T. ",
   Title="{{G}ene genealogies when the sample size exceeds the effective size of the population}",
   Journal="Mol. Biol. Evol.",
   Year="2003",
   Volume="20",
   Number="2",
   Pages="208--213",
   Month="Feb"
}

@Article{Fu1995,
   Author="Fu, Y. X. ",
   Title="{{S}tatistical properties of segregating sites}",
   Journal="Theor Popul Biol",
   Year="1995",
   Volume="48",
   Number="2",
   Pages="172--197",
   Month="Oct"
}


